<?xml version="1.0" encoding="UTF-8"?>
<collection xmlns:xsi="http://www.w3.org/2001/XMLSchema-instance" xsi:schemaLocation="http://www.loc.gov/MARC21/slim http://www.loc.gov/standards/marcxml/schema/MARC21slim.xsd" xmlns="http://www.loc.gov/MARC21/slim">
<record>
  <leader>01041cam a22002531a 4500</leader>
  <controlfield tag="001">3233821</controlfield>
  <controlfield tag="003">NNC</controlfield>
  <controlfield tag="005">20151117185858.0</controlfield>
  <controlfield tag="008">990106s1906    ua            000 0 ara d</controlfield>
  <datafield tag="035" ind1=" " ind2=" ">
    <subfield code="a">(OCoLC)ocm40579416</subfield>
  </datafield>
  <datafield tag="035" ind1=" " ind2=" ">
    <subfield code="9">AUK6208CU</subfield>
  </datafield>
  <datafield tag="035" ind1=" " ind2=" ">
    <subfield code="a">(NNC)3233821</subfield>
  </datafield>
  <datafield tag="035" ind1=" " ind2=" ">
    <subfield code="a">3233821</subfield>
  </datafield>
  <datafield tag="040" ind1=" " ind2=" ">
    <subfield code="a">CUD</subfield>
    <subfield code="c">CUD</subfield>
    <subfield code="d">OCL</subfield>
    <subfield code="d">ZCU</subfield>
  </datafield>
  <datafield tag="099" ind1=" " ind2=" ">
    <subfield code="a">893.7112</subfield>
    <subfield code="a">Ib522</subfield>
  </datafield>
  <datafield tag="100" ind1="1" ind2=" ">
    <subfield code="a">Ibn Maʻṣūm, ʻAlī Ṣadr al-Dīn.</subfield>
  </datafield>
  <datafield tag="130" ind1="0" ind2=" ">
    <subfield code="a">Sulāfat ʼal-ʻaṣr fī maḥāsin ʼal-s͡huʻarāʼ bi-kull Miṣr.</subfield>
  </datafield>
  <datafield tag="245" ind1="1" ind2="0">
    <subfield code="a">Kitāb Sulāfat al-ʻaṣr fī maḥāsin al-shuʻarāʾ bi-kull Miṣr /</subfield>
    <subfield code="c">taʾlīf ʻAlī Ṣadr al-Dīn al-Madanī ibn Aḥmad Niẓām al-Dīn al-Ḥusaynī al-Ḥasanī al-maʻrūf bi-Ibn Maʻṣūm.</subfield>
  </datafield>
  <datafield tag="250" ind1=" " ind2=" ">
    <subfield code="a">ʾal-Ṭabʻah 1</subfield>
  </datafield>
  <datafield tag="260" ind1=" " ind2=" ">
    <subfield code="a">Miṣr :</subfield>
    <subfield code="b">ʾAḥmad Nājī ʾal-Jamālī wa-Muḥammad ʾAmīn ʾal-K︠h︡ānjī,</subfield>
    <subfield code="c">1324 [1906]</subfield>
  </datafield>
  <datafield tag="300" ind1=" " ind2=" ">
    <subfield code="a">[6], 607 p. ;</subfield>
    <subfield code="c">25 cm.</subfield>
  </datafield>
  <datafield tag="650" ind1=" " ind2="0">
    <subfield code="a">Arabic poetry.</subfield>
  </datafield>
  <datafield tag="700" ind1="1" ind2=" ">
    <subfield code="a">Ibn Maʻṣūm, ʻAlī ibn Aḥmad,</subfield>
    <subfield code="d">1642-approximately 1707.</subfield>
  </datafield>
  <datafield tag="955" ind1=" " ind2=" ">
    <subfield code="b">CU07816065</subfield>
    <subfield code="d">off,glx</subfield>
    <subfield code="e">893.7112 Ib522</subfield>
  </datafield>
</record>
</collection>